<record><leader>00000cas a22000007a 4500</leader><controlfield tag="001">33427836</controlfield><controlfield tag="008">951106d19651983nyuwr ne      0    0eng d</controlfield><datafield ind1=" " ind2=" " tag="010"><subfield code="a">sn 95071441 </subfield></datafield><datafield ind1=" " ind2=" " tag="040"><subfield code="a">NYS</subfield><subfield code="b">eng</subfield><subfield code="c">NYS</subfield><subfield code="d">OCLCQ</subfield><subfield code="d">OCLCF</subfield><subfield code="d">OCLCO</subfield></datafield><datafield ind1=" " ind2=" " tag="042"><subfield code="a">msc</subfield></datafield><datafield ind1=" " ind2=" " tag="043"><subfield code="a">n-us-ny</subfield></datafield><datafield ind1="0" ind2=" " tag="130"><subfield code="a">Leader (Locust Valley, N.Y.)</subfield></datafield><datafield ind1="1" ind2="0" tag="245"><subfield code="a">Leader.</subfield></datafield><datafield ind1=" " ind2=" " tag="260"><subfield code="a">Locust Valley, N.Y. :</subfield><subfield code="b">Locust Valley Pub. Co.,</subfield><subfield code="c">1965-1983.</subfield></datafield><datafield ind1=" " ind2=" " tag="300"><subfield code="a">v.</subfield></datafield><datafield ind1=" " ind2=" " tag="310"><subfield code="a">Weekly</subfield></datafield><datafield ind1="0" ind2=" " tag="362"><subfield code="a">Vol. 19, no. 34 (Apr. 8, 1965)-v. 37, no. 34 (Mar. 17, 1983).</subfield></datafield><datafield ind1=" " ind2=" " tag="500"><subfield code="a">Editor: Edith Hay Wyckoff, 1965-1983.</subfield></datafield><datafield ind1=" " ind2=" " tag="500"><subfield code="a">"Covering Locust Valley, Lattingtown, Matinecock and Bayville."</subfield></datafield><datafield ind1=" " ind2="0" tag="651"><subfield code="a">Locust Valley (N.Y.)</subfield><subfield code="v">Newspapers.</subfield></datafield><datafield ind1=" " ind2="0" tag="651"><subfield code="a">Nassau County (N.Y.)</subfield><subfield code="v">Newspapers.</subfield></datafield><datafield ind1=" " ind2="4" tag="651"><subfield code="a">Bayville (N.Y.)</subfield><subfield code="v">Newspapers.</subfield></datafield><datafield ind1=" " ind2="4" tag="651"><subfield code="a">Matinecock (N.Y.)</subfield><subfield code="v">Newspapers.</subfield></datafield><datafield ind1=" " ind2="4" tag="651"><subfield code="a">Lattingtown (N.Y.)</subfield><subfield code="v">Newspapers.</subfield></datafield><datafield ind1=" " ind2="7" tag="655"><subfield code="a">Newspapers.</subfield><subfield code="2">fast</subfield><subfield code="0">(OCoLC)fst01423814</subfield></datafield><datafield ind1=" " ind2="7" tag="651"><subfield code="a">New York (State)</subfield><subfield code="z">Locust Valley.</subfield><subfield code="2">fast</subfield><subfield code="0">(OCoLC)fst01235747</subfield></datafield><datafield ind1=" " ind2="7" tag="651"><subfield code="a">New York (State)</subfield><subfield code="z">Nassau County.</subfield><subfield code="2">fast</subfield><subfield code="0">(OCoLC)fst01205518</subfield></datafield><datafield ind1=" " ind2=" " tag="752"><subfield code="a">United States</subfield><subfield code="b">New York</subfield><subfield code="c">Nassau</subfield><subfield code="d">Locust Valley.</subfield></datafield><datafield ind1="0" ind2="0" tag="780"><subfield code="t">Locust Valley leader (Locust Valley, N.Y. : 1946)</subfield><subfield code="w">(DLC)sn 94061026</subfield><subfield code="w">(OCoLC)31314505</subfield></datafield><datafield ind1="0" ind2="0" tag="785"><subfield code="t">Locust Valley leader (Locust Valley, N.Y. : 1983)</subfield><subfield code="w">(DLC)sn 95071440</subfield><subfield code="w">(OCoLC)33427803</subfield></datafield></record>